3000 4409
396 359 483 451 ‚1'44
685 347 883 426 Aniculae
905 349 970 426 m.
991 419 1013 460 Ι,

352 543 362 560 ..
454 483 629 588 Itaque,
667 495 715 557 ut
747 479 871 559 aedem
906 473 1158 562 declinandis·
1185 476 1336 566 sulmi·
1412 497 1413 582 ξ

341 615 438 678 num
464 589 630 677 damnis
646 611 825 700 paratam
854 592 1021 690 habeas’,
1050 590 1125 674 id
1114 620 1157 678 ιιι
1182 599 1333 704 primis
1412 595 1413 598 ‘

342 710 590 806 curandum,
619 724 666 788 ut
693 706 803 787 ultra
830 729 1031 830 quatuor,
1057 707 1122 788 vel
1145 709 1335 818 quinque

342 826 469 935 pedes
496 821 611 950 supra
639 816 785 900 altius
803 815 975 946 ejusdcm
1001 818 1096 902 audis
1124 821 1329 949 festigium

343 949 462 1024 acuta
481 935 593 1045 virga
612 933 808 1018 metallica
824 931 1016 1016 emineat.
1041 935 1198 1018 Etenim
1221 939 1329 1020 dum

344 1050 531 1134 fulmen
520 1069 624 1131 inter
651 1045 772 1156 virgae
789 1045 1015 1154 cuspidem,
1042 1047 1088 1132 δι
1108 1052 1230 1134 nubes
1256 1052 1331 1135 nbi

342 1167 448 1251 viam
477 1161 643 1273 pandit,
669 1159 711 1242 in
735 1156 1019 1244 densrffimurn
1008 1183 1166 1270 igneum
1193 1166 1331 1251 veluti

343 1279 521 1388 globum
536 1271 769 1382 colligitur,
805 1299 886 1386 quo
915 1299 1054 1358 aerem
1071 1275 1162 1361 hinc
1199 1277 1329 1378 inde,

345 1388 602 1480 &humidos
640 1411 803 1496 vapores
843 1387 921 1470 late
949 1385 1132 1488 disjicit,
1170 1394 1329 1476 acutio-

347 1529 429 1590 rem
456 1503 578 1612 virgae
604 1499 799 1610 cuspidem
830 1501 995 1601 fundit,
1026 1504 1071 1590 dc
1099 1503 1326 1614 circumpo-

348 1619 375 1701 ι
379 1639 448 1716 ιι
476 1642 565 1728 quae
593 1618 793 1716 relistunt,
821 1631 987 1724 oorpola
1016 1617 1135 1716 urit,
1176 1619 1306 1701 labesa
1283 1647 1326 1701 a·

321 1731 465 1828 etat,
499 1731 679 1832 evertit3
715 1729 1047 1856 quemadmodum
1086 1733 1324 1814 Franklinus

344 1840 627 1950 Philadelphiae
666 1839 855 1950 ungulari
892 1843 1190 1944 observatione3
1241 1869 1325 1954 ego

345 1960 442 2040 iero
469 1955 688 2038 Mediolani
724 1953 951 2064 nuperrime
982 1959 1031 2040 ab
1068 1909 1219 2040 effectis
1258 1958 1323 2040 di-

344 2067 457 2151 dici.·
491 2067 766 2168 Quamobrem
796 2066 917 2150 altior
953 2059 1074 2180 snpra
1107 2068 1320 2152 aedificium

345 2183 502 2282 aditus,
532 2201 577 2263 ut
604 2179 802 2278 diximus,
832 2179 985 2263 fulmini
1014 2183 1209 2292 parandus
1239 2183 1317 2284 ell-

345 2299 392 2382 &
427 2317 613 2422 practerea
647 2295 769 2401 virgae
794 2293 995 2401 cuspidem
1033 2297 1083 2378 ad
1110 2315 1314 2422 quatuor,

343 2409 407 2493 vel
437 2407 611 2534 quinque
636 2408 798 2515 pollices
827 2433 924 2490 auro
941 2403 1156 2518 obtegere
1141 2407 1314 2518 juverit,

344 2517 515 2628 rubigini
544 2521 741 2601 arcendae

274 2715 276 2720 ,
459 2636 504 2713 ιιι
541 2631 653 2739 virga
691 2656 811 2740 porro
848 2631 962 2743 supra
1000 2597 1120 2718 altius
1159 2633 1315 2719 aedilicii

345 2744 538 2878 fastigium
566 2744 747 2854 figenda,
775 2746 878 2832 illud
907 2748 1168 2860 communiter
1192 2775 1315 2857 nego-

308 2963 312 2968 ,
345 2862 448 2946 tium
475 2857 644 2958 saceffit,
670 2861 780 3054 quosd
807 2861 903 2942 dum
933 2861 1098 2962 vitreis,
1127 2881 1198 2944 aut
1228 2861 1316 2945 ιιι

344 2975 424 3060 nos
412 3001 443 3058 s
480 2973 765 3084 corporibuss
760 2981 973 3085 eparare(
954 2969 1134 3086 (isolare)
1169 2999 1253 3056 earn
1289 3003 1311 3059 ι

346 3108 437 3170 toro
463 3087 647 3170 aedilicio
643 3110 827 3185 curant,
856 3085 1108 3170 sufficientem
1136 3087 1310 3186 nullam,

346 3225 418 3280 nec
445 3199 666 3281 durabilem
694 3199 938 3284 firmitatem
942 3197 1229 3326 assequuntur.
1259 3207 1314 3282 At

345 3310 526 3393 molestus
559 3309 782 3408 hujusmodi
820 3311 1025 3420 separate.
1039 3312 1161 3419 virgae
1196 3339 1310 3422 appa-

346 3441 457 3506 ratus
485 3421 636 3505 inutilis
673 3423 788 3530 plane
825 3426 1035 3508 censendus
1070 3428 1154 3525 ιιι;
1179 3451 1312 3546 eoque

345 3536 589 3621 instituendis
624 3535 783 3649 quidem
827 3489 1199 3637 observationibus,
1238 3565 1310 3622 non

345 3675 442 3738 vero
468 3647 616 3736 aedibus
644 3648 942 3763 premuniendis
971 3651 1220 3739 Franklinus
1240 3651 1312 3734 uti

465 3819 469 3828 -
1154 3781 1265 3892 tur.
