3000 4409
346 377 598 458 arcariorum
618 379 808 478 signorum
824 337 1008 481 Analyfir.
1048 401 1106 483 77

186 512 465 626 experimentis
494 513 534 596 in
558 512 641 624 ipsa
659 511 926 598 deficientium
947 539 1160 625 corporum

185 629 476 738 athmosphaera
505 627 815 710 confirmarunt.

302 743 392 843 Qua
420 762 526 822 certe
553 739 593 821 in
622 739 826 850 hypothesi
855 759 991 850 patet,
1027 769 1158 827 aerem

175 854 298 938 instar
335 850 526 936 craffioris
562 851 658 936 vitri
693 848 771 934 eise
806 853 1155 940 confiderandnm.

176 973 267 1050 imo
305 966 453 1050 vitrum
489 962 614 1075 ipsum
643 963 835 1064 crastiua,
872 987 960 1051 tum
997 996 1154 1070 aerem,

179 1107 227 1163 ac
256 1075 435 1163 craffiora
461 1079 608 1189 quaevis
632 1078 861 1162 cohibentia
890 1083 1008 1164 strata
1035 1083 1154 1168 instar

179 1193 293 1280 seriei
323 1191 572 1275 subtiliorum
601 1191 897 1291 cohibentium,
921 1222 980 1277 'ac
1007 1216 1153 1282 mutuo

181 1306 449 1414 appofitarum
490 1305 735 1388 lamellarum
776 1302 939 1414 speeiari
980 1309 1151 1393 debere.

182 1421 300 1503 Unde
329 1445 406 1508 non
442 1417 813 1528 athmosphaerarum
843 1439 1001 1504 tantum
1024 1419 1152 1523 estio,

184 1532 249 1613 sed
268 1533 471 1644 innumera
496 1555 658 1642 xquoque
680 1530 932 1642 phaenomena
948 1533 1048 1616 mira
1072 1536 1176 1644 du·⁴

171 1648 319 1746 tium,
359 1671 404 1728 ac
442 1643 705 1728 obscuriffinn
740 1642 962 1730 nitidiffime
999 1644 1148 1729 iutelli-

174 1780 361 1869 guntur.
1137 1816 1140 1821 >

294 1871 489 1956 Minorem
529 1871 619 1954 sane
654 1867 878 1961 craffiorum
912 1868 1149 1957 laminarum

177 1985 437 2096 capacitatem
481 1986 715 2083 imitamur,
755 1986 887 2094 plures
923 1985 1148 2078 subtiliores

175 2102 337 2184 indutas
356 2101 517 2182 laminas
534 2121 624 2208 apte
646 2122 905 2206 congruentes
924 2120 1069 2182 mutuo
1088 2098 1151 2182 su-

176 2214 510 2324 perimponendo‚
527 2237 572 2292 a'e
584 2209 811 2294 cicatricum
826 2241 849 2295 a
862 2234 1001 2296 catena
1015 2212 1146 2318 ignem

164 2329 229 2408 ‘in
247 2345 446 2408 externam
476 2323 690 2433 superioris¹
715 2323 868 2407 iaminae
906 2325 1045 2409 faeiem
1080 2351 1147 2407 ur-

173 2440 333 2548 gend0‚
361 2459 407 2520 ut
437 2436 544 2521 fiant·
563 2437 618 2517 adv
641 2435 900 2544 expiofionem
927 2435 1144 2524 creatrice.

174 2553 267 2654 Qro
295 2549 420 2648 major
446 2548 549 2634 enim
579 2549 698 2630 suerit
736 2547 996 2652 subnotatum
1035 2549 1146 2632 iami-
1215 2565 1218 2572 ’

174 2683 315 2746 narum
354 2689 573 2764 numerus,
608 2689 656 2746 eo
682 2663 821 2748 minor
857 2663 898 2748 in
939 2661 1139 2774 superiore

171 2777 403 2860 cumulatur
442 2775 540 2884 ignis
578 2775 816 2887 quantitas,
853 2778 1060 2888 minorque
1099 2777 1142 2856 in

92 2981 94 2995 ,
173 2889 311 2974 iisdem
340 2889 467 2974 existit
495 2890 731 2999 explodendi
760 2890 844 2975 vis.

161 3067 165 3074 .
287 3005 334 3084 ld
357 3004 480 3114 ipsum
497 3004 645 3086 in-aere
666 3025 840 3101 catena,
861 3022 932 3083 aut
953 3001 1143 3088 machinae

171 3116 807 3226 circumpetitodeprehendimus.
837 3119 940 3197 Nam
960 3119 1143 3219 flamma,

171 3253 244 3314 aut
285 3231 371 3340 igne
408 3230 558 3313 eminus
593 3227 776 3330 obicem,
812 3231 1143 3316 manet.stratum

172 3343 300 3441 aeris,
327 3367 505 3427 catenam
534 3341 707 3450 proxime
735 3343 906 3426 ambiens
934 3343 1025 3429 satis
1050 3348 1147 3430 den-

173 3458 290 3557 sum,
319 3481 366 3546 ut
394 3455 620 3540 eleetricum
647 3457 750 3540 circa
777 3458 939 3543 eandem
967 3481 1146 3543 catenam

173 3571 305 3680 ignem
333 3571 514 3656 cohibeat
543 3571 596 3676 (ri
622 3569 762 3668 enim,
791 3573 952 3653 admota
981 3572 1144 3682 propius

177 3689 364 3786 flamma,
393 3685 481 3797 plus
499 3709 612 3794 aequo
631 3682 789 3770 rarefiat
807 3708 900 3786 aer,·
928 3682 1056 3794 ignem
1082 3705 1144 3778 to-

1004 3818 1092 3880 tum
