3000 4409
343 399 602 480 Eleuricorum
620 377 810 498 dignorum
829 400 1013 505 Analyfis.
1053 392 1109 506 79

179 529 361 616 hmiliter
387 535 682 636 cohibentium,
718 559 790 623 aut
817 561 957 624 contra
984 539 1158 624 deseren-

172 647 278 730 tium
308 649 546 755 appoiiiione
577 649 811 757 potiihmum
839 654 1083 762 dependere;
1198 647 1203 652 ’

170 803 176 816 ·
294 762 424 861 Qrare
457 759 698 844 incredibilis
735 763 832 864 iila,
862 783 916 849 'ac
951 763 1051 848 mira
1085 765 1163 847 ele·

175 871 392 956 &ricitatis
420 873 615 973 varietas,
651 903 740 985 quae
777 877 989 987 multiplici
1019 903 1162 989 corpo·

166 990 235 1069 ris
266 984 474 1085 fricanris,
516 1009 586 1068 aut
617 987 743 1070 fricati
781 988 1050 1092 differemus,
1087 1008 1160 1074 aut
1236 998 1239 1005 ’

167 1099 307 1182 :modo
347 1100 551 1208 respondet
589 1107 666 1206 (ex
704 1102 931 1202 Theoria),
970 1102 1050 1204 jam
1087 1104 1160 1186 aii·

171 1239 303 1324 quarn
340 1237 389 1295 er
411 1210 646 1311 hujusmodi
687 1216 886 1325 principiis
925 1218 1053 1301 lucem
1081 1219 1159 1301 ior·

179 1309 493 1423 raffehauriei,
524 1327 569 1412 ὅ(
598 1353 709 1410 novae
736 1352 868 1430 certe,
896 1355 993 1440 quas
1023 1331 1063 1411 in
1093 1331 1157 1414 iis-

168 1445 274 1528 ‘dem
314 1439 585 1549 experimentis
625 1441 879 1528 instaurandis
918 1443 1157 1527 adhibendus

169 1557 434 1671 pervidemus
450 1613 463 1652 ‚
480 1555 707 1652 cautiones,
728 1583 876 1654 novas,
891 1555 1157 1664 perfediiores-

168 1689 263 1787 'que
290 1672 646 1778 experimentorum
668 1667 796 1750 denies
825 1671 1155 1776 suppeditabunt.

297 1790 380 1893 Age
409 1803 505 1862 vero
532 1779 723 1864 elediricae
747 1779 1012 1891 atmosphaerae
1034 1781 1155 1867 adho-

178 1925 269 1984 nem
309 1923 358 1978 ex
399 1893 614 2004 praestitura
655 1893 858 2004 hypothesi
892 1895 1156 2004 explicemus:

160 2034 422 2124 ¹quamquam
453 2034 529 2090 non
561 2034 660 2089 nova
697 2010 875 2118 quaedam
905 2007 1157 2118 hypothesis,

157 2129 249 2210 'sed
280 2123 561 2207 Frankiinianae
598 2121 730 2230 potius
768 2121 930 2204 theoriae
965 2122 1159 2207 conseua-
1257 2128 1260 2134 '

159 2272 166 2306 ··
183 2240 288 2322 rium
329 2237 464 2326 eadem
501 2235 666 2315 dicenda
707 2233 786 2315 slt'..
820 2234 1078 2318 Nam-ficuti'
1106 2261 1156 2320 ex

179 2346 467 2434 Frankiinisnis
494 2345 692 2455 principiis
720 2347 943 2428 comulatus
965 2345 1003 2429 iu
1028 2348 1155 2435 altera

180 2462 389 2574 Leydensrs
418 2459 557 2571 phiaiae
586 2456 682 2542 socie
707 2456 1042 2570 elediricusignis
1069 2481 1158 2544 tau-

178 2579 348 2662 tundem
373 2597 423 2658 ex
448 2574 624 2682 opposita
662 2573 757 2655 facie
784 2567 959 2671 disjicit,
987 2594 1059 2655 aut
1083 2577 1153 2656 de-

161 2689 316 2776 ·ficiens
342 2687 380 2770 in
417 2687 539 2770 altera
568 2687 809 2770 ‘tantundem
846 2685 974 2780 allicit
1008 2685 1049 2769 in
1083 2714 1154 2798 op-

164 2797 372 2914 positam:
409 2799 464 2882 ita
500 2802 612 2907 plane
650 2799 747 2907 ignis
781 2826 832 2882 ex
851 2799 973 2881 disco
992 2825 1060 2882 ex.
1090 2826 1148 2907 gr.

176 2919 309 3000 vitreo
345 2917 599 2999 adcstenam
636 2914 832 3021 appellens
868 2910 909 2992 in
946 2909 1042 2993 facie
1077 2913 1153 2995 cir·

176 3028 383 3136 cumposrti
414 3030 511 3112 acris
537 3053 612 3109 non
635 3027 892 3121 cumulatur,
920 3043 991 3105 aut
1013 3048 1152 3110 cumu-

177 3141 253 3228 lari
281 3144 438 3250 pergit,
467 3139 534 3223 niii
563 3163 756 3250 quatenus
775 3136 1015 3221 tantundem
1042 3135 1152 3238 disji-

157 3256 256 3350 ·cit‚
296 3277 366 3337 aut
394 3250 571 3354 disjicere
602 3251 743 3332 nititur
771 3278 820 3334 ex
846 3248 1032 3360 oppohtis
1061 3254 1153 3335 stra-

175 3388 310 3451 torum
340 3365 656 3480 consequentium
686 3363 878 3449 faciebus.
917 3366 1030 3449 Unde
1057 3391 1147 3476 quz

173 3483 215 3570 in
245 3480 324 3588 ipss
353 3480 532 3566 innatant
559 3478 605 3564 &
632 3479 833 3563 cumsoio
857 3477 1148 3561 communicant

176 3620 344 3704 corpora
364 3593 607 3679 deficientem
635 3595 807 3676 induunt
826 3589 1144 3677 chunonem.

178 3709 299 3816 Quod
329 3709 526 3794 contraria
561 3709 716 3795 ‚ratione
749 3707 794 3792 iu
828 3704 1006 3791 machina
1027 3763 1041 3808 ,
1060 3722 1147 3790 out
