3000 4409
331 334 408 419 162
464 387 472 400 ·
577 325 904 414 ‘Articulur'VIL
1055 387 1062 392 -.

273 492 319 556 'ra
347 465 517 553 scintilla
546 462 789 563 inflammat,
828 465 974 566 tertia,
1013 486 1084 550 aut
1101 461 1259 580 quarta

271 580 476 670 certissime
516 579 795 661 inflammabit.
841 581 967 662 Idem*
989 579 1027 661 in
1058 583 1254 682 fulmine,

270 699 380 812 quod
404 697 508 778 intra
531 723 592 795 25.
623 693 984 791 circiterminuta,
1016 695 1145 778 tribus
1175 697 1257 779 suc-

270 809 406 896 ceffive
444 807 595 891 vicibus
626 807 797 904 turrim,
838 835 883 890 ac
914 805 1103 915 templum
1153 836 1258 893 anno

163 927 166 935 ’
253 918 455 1031 ‘1760.iu
479 924 612 1004 Gallia
637 921 777 1025 (thre
801 933 915 1019 Darne
928 929 969 1002 de
982 922 1101 1021 Ham)
1126 921 1261 1024 feriit,

270 1034 476 1145 contigiffe
508 1061 640 1117 narrat
672 1035 857 1117 Nolletus
888 1043 903 1140 (
930 1033 971 1134 )

382 1156 575 1234 Praeterea
613 1149 819 1232 elediricus
857 1149 995 1256 ignis,
1046 1147 1254 1262 insigniore

269 1262 460 1350 densitare
480 1289 648 1364 corpora
679 1265 870 1371 pervadat
905 1282 1092 1370 oportet,
1124 1287 1168 1345 ut
1196 1267 1254 1348 in·-

270 1386 477 1466 llammet.
528 1375 633 1458 Hinc
673 1403 762 1486 quae
805 1377 1016 1460 secundum
1059 1379 1252 1460 metallici

270 1495 330 1585 fili
372 1490 665 1599 longitudinem
698 1495 909 1588 locantur,
939 1507 1033 1572 utut
1060 1490 1252 1600 aprillima

270 1609 321 1692 ad
337 1604 646 1689 comburendum
667 1630 859 1710 corpora,
882 1631 1079 1714 nunquam
1098 1633 1120 1684 a
1141 1628 1249 1687 tran-

271 1722 420 1803 siliente
471 1719 638 1802 scintilla
665 1721 1011 1819 ,inflammantum
1063 1719 1251 1804 facillime

271 1857 438 1928 contra,
467 1858 554 1940 quae
577 1834 679 1914 inter
702 1831 808 1912 binas
831 1833 1048 1914 metallicas
1071 1832 1250 1940 cuspides

270 1947 559 2054 disponuntur.
594 1945 692 2042 Inde
722 1945 820 2027 mira
849 1944 1097 2052 explicantur
1120 1945 1251 2028 fulmi-

271 2084 366 2141 num
396 2058 675 2168 phaeuomena,
703 2055 846 2166 quibus
875 2060 1059 2156 constat,
1096 2058 1249 2143 imadio

272 2173 410 2280 ligno,
448 2172 689 2279 plumbum,
731 2195 776 2252 ac
814 2167 958 2251 serrum
996 2169 1035 2250 in
1065 2171 1251 2272 senellm3

273 2309 344 2367 aut
367 2283 462 2366 enfis
484 2285 709 2391 cuspidem,
738 2281 887 2366 intatla
914 2283 1082 2392 vagina,
1112 2286 1249 2368 fundi.

271 2397 402 2504 Magis
439 2397 542 2476 enim
580 2397 618 2476 in
648 2398 840 2502 plumbo,
881 2425 926 2480 ac
963 2397 1094 2495 ferro,
1129 2425 1250 2510 quam

270 2509 312 2591 in
334 2511 467 2617 lign0,
490 2536 533 2590 ac
556 2511 665 2591 corio
686 2508 874 2590 densatur
898 2506 1102 2592 elediricus
1127 2513 1249 2620 ignis.

271 2627 396 2719 Haec,
426 2621 470 2704 ὅ(
500 2619 794 2703 admirabiliora
825 2621 1034 2704 fulminum
1065 2647 1250 2731 portenta

270 2732 557 2845 elegantiliimis
586 2733 861 2843 experimentis
885 2733 1069 2819 imitatur
1098 2741 1138 2821 P.
1162 2741 1252 2822 Ful·
1385 2747 1389 2752 '

272 2849 429 2958 gentius
458 2852 583 2929 Bauer
607 2847 689 2954 (2).

386 2965 572 3058 Etenim,
614 2962 712 3044 ficut
740 2981 833 3071 apta
863 2965 912 3048 ad
941 2963 1253 3047 comburendum

269 3081 438 3182 corpora
476 3077 692 3158 inflammat
733 3077 922 3177 fulmen,
964 3079 1023 3161 ita
1061 3077 1252 3180 metalla,

269 3212 316 3267 ac
357 3210 528 3288 caetera,
569 3208 691 3297 prout
729 3187 917 3302 cujusque
963 3215 1104 3279 natura
1147 3191 1253 3294 fert,

1124 3327 1195 3390 aut

145 3713 148 3720 .
269 3607 319 3747 n
336 3609 370 3734 n
575 3612 609 3668 r·
627 3613 656 3669 ¹³·
676 3613 710 3674 2⁶
726 3631 770 3672 ω·
791 3621 865 3687 ¹⁷⁶4

289 3717 303 3730 .
536 3719 544 3736 .
562 3691 631 3753 part
649 3698 675 3741 2.
702 3764 706 3770 .
