3000 4409
367 383 372 389 ¹
417 380 469 475 ao
529 420 554 437 ²
636 426 650 443 .
685 380 899 475 ''Artienln's
927 382 1043 473 yy‘jj

353 532 404 614 tis
428 530 633 615 metallicis
660 528 765 630 filis,
793 554 862 615 aut
890 514 1082 615 laminis
1070 558 1110 614 an
1138 541 1209 611 BB
1235 557 1322 639 pro*-

352 644 476 753 pius,
525 672 570 727 ac
612 644 691 727 sere
725 644 775 725 ad
818 642 1043 729 contaelum
1083 643 1324 759 speciantiag.

340 754 590 855 Huiusmodi
622 780 712 839 cum
748 755 825 837 suis
852 758 1018 841 brachiis
1047 758 1166 838 tubus
1203 779 1319 836 eatena

245 865 511 975 separata
538 892 727 951 vocatur
767 871 955 978 Ampium
992 872 1153 977 globum
1185 868 1322 949 metal-

355 984 508 1065 licum
500 992 603 1063 1n'tus
626 997 865 1077 vacuum‚u
840 981 953 1062 unica
981 983 1114 1065 vitrea
1128 981 1244 1108 yirga
1260 980 1324 1061 in·

334 1094 495 1199 nixum
524 1092 610 1177 tubi
639 1090 750 1177 loco
758 1084 1028 1209 substituere
1012 1093 1223 1191 juverit.
1291 1114 1315 1150 -’
1393 1146 1395 1149 ψ

467 1208 586 1289 Inde
583 1207 824 1337 intelliges
812 1234 852 1291 an
876 1207 1012 1315 liga
1006 1208 1102 1289 ·.tab
1134 1233 1168 1288 1.
1185 1205 1324 1313 ,sepa-

354 1338 460 1403 ratos
490 1318 623 1403 vitreis
658 1319 777 1431 virgis
806 1328 884 1400 CC
918 1319 1106 1429 pulvillos
1135 1330 1222 1399 DD
1258 1320 1321 1399 di-

352 1436 459 1516 lcum
501 1432 679 1515 fricantes
700 1440 915 1543 machinam
943 1429 1155 1540 separatam
1185 1434 1321 1522 conili-
1342 1490 1349 1506 a

356 1564 492 1629 tuere.
523 1546 701 1627 Manus
689 1539 782 1627 rtem
809 1540 902 1627 inX
923 1545 1069 1651 digitis
1083 1545 1232 1651 discum
1257 1544 1323 1627 fri-

339 1686 445 1759 cans
476 1660 637 1740 alteram
665 1670 761 1741 'cum
799 1658 881 1741 solo
918 1667 1221 1739 communicantem
1244 1654 1321 1738 naa

336 1780 492 1861 achinam
516 1770 739 1855 constituit.
770 1770 811 1853 Si
837 1769 1128 1879 pulvilloslk
1146 1770 1320 1880 aliquan·

358 1885 489 1966 tulum
506 1900 717 1965 ¹removeas
738 1942 751 1981 ,
769 1890 834 1965 'ut
859 1884 1023 1964 minime
1055 1881 1204 1965 discum
1234 1904 1320 1964 tan·-

345 1990 610 2111 ‘garomnam
637 1994 812 2105 pulvillis
841 1995 1052 2114 separatis,
1087 2017 1158 2078 aut
1184 1996 1318 2102 digitis

354 2106 518 2193 discum
529 2108 671 2207 fricas,
700 2107 863 2217 pulvilli
889 2108 1022 2191 iidem
1044 2128 1318 2193 catanamcum
1385 2117 1388 2124 ’

357 2218 481 2305 solo
470 2230 772 2303 communicantem
786 2221 1015 2305 exhibent.¹
1101 2271 1109 2284 --
1253 2254 1316 2291 21⁸

341 2350 346 2359 “
466 2336 628 2417 Habes
618 2337 750 2444 itaque
779 2334 819 2417 in
824 2336 981 2417 eodem
1002 2351 1192 2444 apparatu
1222 2360 1322 2443 prae

358 2458 420 2532 ter
446 2432 592 2533 discum
615 2446 806 2529 mobilem
845 2448 890 2531 ὅ(
917 2457 1124 2545 catenam,
1159 2446 1214 2531 &·
1239 2469 1322 2529 ma·

355 2552 551 2655 chinam,
565 2582 682 2685 prout
711 2560 898 2658 libuerit,
920 2586 1009 2643 cum
1039 2560 1122 2643 solo
1149 2579 1324 2642 commn-

355 2672 577 2769 micantem,
601 2678 669 2754 aut'
692 2620 933 2781 separatam
938 2679 1141 2779 Tyrones
1154 2683 1318 2772 monac,

355 2810 402 2871 ut
430 2790 559 2870 varios
574 2792 789 2885 mamma,
825 2786 870 2869 &
898 2810 1019 2867 catena
1046 2788 1195 2868 status
1204 2812 1319 2867 num·

351 2928 483 3012 qnam
485 2898 648 2997 limul,
677 2901 741 2981 nifi
774 2902 939 2980 alterum
960 2918 1151 2995 catenae‚
1166 2899 1319 2983 &tna-

356 3015 492 3160 cinnae
509 2956 704 3108 alternin,
731 3013 966 3120 experiendo
993 3029 1318 3121 componantza·

405 3130 573 3234 Age
585 3120 814 3216 manubrio
818 3137 925 3207 AB
935 3125 1085 3209 discus
1082 3125 1322 3224 celerrime,

319 3252 402 3322 v'ac
430 3235 630 3319 facillime
638 3246 819 3320 'rotetur
849 3244 895 3329 ln
924 3242 1027 3321 llatu
1049 3238 1232 3367 quidem
1238 3266 1325 3319 ma

355 3350 482 3435 chinae
513 3345 560 3441 &
588 3364 758 3461 catenae
756 3365 858 3433 cum
889 3350 971 3435 som
997 3352 1323 3442 communicantis

303 3482 306 3487 ·
355 3460 507 3566 nulla
497 3488 536 3543 1n
566 3446 614 3545 iis
615 3456 680 3543 s
655 3486 770 3571 gna
806 3470 944 3547 cnnt'ra
978 3463 1017 3545 in
1046 3468 1146 3547 llaru'
1174 3464 1326 3545 machi·

356 3604 415 3663 nae
418 3571 508 3661 &
511 3590 657 3658 catenae
685 3604 707 3657 a
736 3578 817 3661 solo‘
847 3578 1038 3683 separatae
1048 3572 1160 3686 ligna
1189 3576 1325 3661 omnia

356 3690 637 3806 deprehendes
649 3686 836 3797 Qanrum
850 3689 1196 3805 phoenomennruns
1211 3691 1327 3798 spons

784 3858 789 3866 ·
1224 3824 1265 3887 te
