3000 4409
393 399 395 401 .
484 342 515 377 ³
617 330 779 431 eorpus.
1043 329 1132 419 ‘181'
1233 407 1240 418 ,

195 464 303 550 Bene
329 463 449 549 habet
474 517 486 540 .
515 455 622 562 Qid
650 466 705 549 est
730 461 912 570 effentia?
946 467 1183 562 Scholastica

82 604 83 679 3
198 607 308 678 vox,
337 596 526 688 praeterer
553 573 678 658 nihil.
708 577 932 690 Magnificis
953 583 1088 692 itaque
1110 609 1182 666 no-

198 692 374 776 minibus
414 690 456 774 id
487 689 649 774 tandem
680 689 940 805 allequuntur
967 692 1181 803 graviffimi

197 804 317 907 viri,
356 825 405 889 ut
443 805 560 916 plane
595 801 696 887 nihil
723 807 933 892 doceant.
957 812 1042 893 Nec
1076 806 1183 902 eninr

197 919 381 1031 corporis
407 942 576 1017 nomen,
605 919 670 1000 sed
700 947 784 1004 rem
811 925 971 1032 quaero'.
1176 999 1178 1006 ,

319 1034 475 1117 Frustra
511 1029 693 1143 quatis,
739 1036 896 1145 reponit
932 1032 1179 1120 Leibnitius.

199 1156 361 1264 Corpus
394 1145 654 1258 compolitutn
680 1147 772 1232 est:
817 1146 1077 1258 compositum
1118 1175 1182 1236 ren

197 1265 378 1351 ellenon
406 1263 532 1370 potest
559 1257 637 1367 (*).
672 1260 808 1345 Primo
842 1261 1002 1374 quidem
1037 1287 1185 1372 corpur

195 1375 459 1488 compofiturn
486 1370 561 1458 elle
588 1372 766 1460 omnium
795 1374 974 1461 sensuum
1009 1375 1181 1461 testimo·

200 1492 270 1578 nio
288 1488 430 1600 capio,
456 1487 625 1592 hauri03
653 1489 824 1576 alterum
845 1489 942 1590 vix,
970 1515 1017 1575 ae
1037 1515 1086 1571 ne
1111 1486 1182 1574 vix

198 1605 364 1718 quidem
385 1602 593 1713 intelligo.
622 1604 866 1712 Negativum
894 1599 998 1686 enim
1026 1602 1105 1700 est,
1135 1601 1184 1692 ,ὄῑ
1317 1629 1319 1634 ·
1416 1654 1419 1662 ·

204 1716 360 1828 magis,
397 1717 494 1828 quid
523 1743 603 1802 non
631 1716 707 1818 fit,
742 1713 988 1828 quaquuid
1024 1713 1072 1796 fit
1100 1739 1188 1797 cor·
1240 1717 1241 1720 ‘

204 1859 305 1944 pus,
329 1832 541 1939 praedicat.
571 1837 715 1916 Annon
734 1855 879 1942 corpus
910 1825 1189 1927 fillitia,ima·

203 1944 359 2058 ginaria
388 1973 449 2028 res
475 1949 557 2044 est,
585 1947 659 2045 ὃς,
686 1948 797 2058 quod
825 1942 1090 2028 idealistarum
1119 1967 1188 2050 pa-

82 2068 83 2115 ³
204 2081 348 2143 tronus
374 2059 587 2168 Betkleyus
611 2060 861 2160 contendit,
899 2057 999 2141 ideis
1027 2073 1189 2138 tantum

82 2230 83 2233 κ
203 2171 343 2265 nostris
384 2171 650 2256 continetur?
700 2172 844 2257 Abfit.
885 2175 1042 2281 Corpus
1082 2167 1190 2250 enim

203 2282 489 2398 phaenomenon
524 2287 578 2370 est
599 2308 615 2382 ;v
650 2305 693 2370 at
732 2285 986 2396 phaenomena
1023 2307 1102 2365 non
1141 2305 1191 2362 ex

202 2397 364 2498 nihilo,
391 2398 457 2482 sed
482 2396 690 2508 exaliqua
714 2427 756 2484 re
778 2398 852 2482 sint
870 2415 1057 2508 oportet.
1088 2398 1191 2477 Cor·

204 2539 281 2625 pur
317 2539 377 2594 res
412 2539 492 2596 non
527 2513 614 2612 est,
653 2513 720 2597 sed
760 2528 1016 2622 aggregatum
1044 2507 1188 2618 fimpli-

207 2623 621 2735 cium3s1mplicium
657 2625 860 2712 charadier
883 2626 955 2709 ¹est
991 2621 1076 2708 vis.
1119 2622 1190 2704 Vis

209 2756 405 2850 perpetuo
433 2740 573 2848 agendi
601 2759 749 2826 conatu
788 2741 830 2824 in
863 2735 1057 2823 astionem
1085 2733 1123 2816 se
1152 2734 1191 2816 se

210 2849 371 2951 exerit3
408 2871 527 2962 atque
564 2849 668 2934 inter
704 2850 788 2952 eius
824 2849 988 2936 allionis
1023 2843 1190 2940 effetlus

210 2963 357 3062 senfin,
384 2962 431 3052 δι
451 2963 635 3074 ,corporis
663 2965 753 3050 idea
781 2963 1027 3048 recensetur.

328 3077 436 3178 Qid
472 3076 608 3187 itaque
642 3076 733 3160 sunt
760 3075 985 3188 fimplicia,
1023 3073 1071 3162 &
1098 3072 1190 3164 vis?

213 3191 436 3274 Enunciare
463 3191 624 3300 quidem
652 3189 769 3290 haec,
806 3191 853 3278 ὃς
879 3217 930 3276 ex
954 3185 1100 3274 efl'edlu
1130 3211 1192 3273 at·

213 3303 395 3414 tingere,
411 3305 490 3396 led
516 3303 724 3416 compleCli
749 3303 941 3418 propius,
978 3331 1024 3390 ac
1052 3303 1191 3388 defini-

535 3496 540 3506 .
1096 3444 1140 3502 re

217 3589 1194 3634 m

219 3682 266 3759 ζ’)
282 3684 351 3745 Vide
370 3689 552 3764 Compofitrm.
