3000 4409
391 399 641 481 Elesirr'rorum
662 399 850 499 signorum
873 405 955 478 Arra
955 399 1021 502 ys
1004 429 1060 477 r
1091 409 1156 504 67

218 565 319 625 ¹rem
348 538 511 650 globum
530 534 785 620 metallicum
803 569 824 615 a
853 537 893 618 in
922 535 1119 645 cuspidem
1151 540 1209 623 as·
1282 500 1391 633 5¹²2

235 677 364 740 teram
394 653 546 750 sertur3
582 651 628 736 &
657 623 786 733 adhuc
809 650 1025 734 secundum
1055 679 1208 736 omnem

225 766 495 852 diresiionem
523 764 675 872 globuli
703 764 933 864 celerrime,
963 790 1008 847 ac
1037 763 1209 874 longissi-

234 910 299 966 me
328 878 566 979 ejiciuntur.
629 915 637 934 x

227 1053 231 1062 .
351 994 502 1095 Qribus
532 989 627 1072 sane
652 989 958 1125 experimentis,
994 1021 1111 1075 aerem
1151 998 1212 1076 abs

235 1129 459 1208 erumpente,
482 1135 573 1204 eque
594 1135 634 1184 ar
652 1113 865 1206 irrumpente
878 1112 1042 1188 eleHrica
1053 1113 1215 1210 scintilla

227 1224 426 1328 secundum
447 1247 565 1302 *omnes
589 1225 796 1300 direuiones
815 1241 919 1323 prope
935 1220 1122 1357 :errspr’dnm
1140 1229 1215 1321 api-

232 1363 311 1416 rem
323 1341 569 1429 uehementer,
591 1361 632 1412 ac
643 1362 737 1433 aequa
739 1341 824 1414 liter
837 1335 924 1437 drsj'
909 1344 957 1414 rcr'
968 1359 1129 1434 apertum
1141 1335 1212 1432 eli„

228 1523 266 1548 ,,
351 1450 448 1544 Non
472 1471 599 1526 aerem
630 1465 812 1543 tantum,
850 1446 913 1527 sed
952 1449 1084 1530 oleum
1113 1473 1214 1555 quo-

234 1587 314 1673 que
343 1562 392 1644 ab
419 1555 601 1646 eleorica
632 1557 811 1659 scintilla
827 1554 954 1651 diriiei
973 1561 1210 1674 experimen-

235 1675 290 1758 tis
320 1673 406 1756 asiis
435 1670 586 1770 didici;
611 1674 682 1755 ad
701 1697 798 1784 qne
820 1697 935 1779 pera
914 1676 1036 1753 oenda
1065 1695 1194 1754 mea
1155 1667 1211 1752 sa'-

235 1786 312 1871 cile
341 1784 527 1890 impulit
554 1773 662 1891 quod
691 1811 713 1871 a
743 1785 780 1868 se
809 1784 1057 1866 obseruatum
1081 1793 1213 1870 narra

236 1919 351 1982 verat
389 1901 450 1985 cl
481 1895 530 1984 de
559 1896 737 1982 Soussure
774 1899 1012 1980 Genevensis
1042 1897 1212 2004 phisoso-

243 2013 345 2123 phiae
374 2005 582 2134 professor,
611 2035 660 2094 ex
687 2009 856 2094 scintisia
886 2011 1079 2093 nimirum
1091 2037 1214 2120 prope
1287 2101 1290 2107 ¹

243 2125 410 2208 fundum
440 2121 619 2206 conicum
657 2121 774 2202 vitrei
815 2123 946 2228 scyphi
983 2126 1074 2210 oleo
1111 2123 1218 2229 pleni·

244 2240 349 2320 inter
389 2235 496 2318 binas
534 2234 748 2318 metallicas
788 2235 964 2342 cuspides
994 2228 1216 2342 prosiliente

241 2349 394 2436 vitrum
437 2349 560 2456 ipsum
603 2346 681 2431 sere
718 2348 835 2436 insrn
856 2347 1013 2432 filorum
1055 2350 1217 2458 pianum

234 2463 521 2546 horizontaleo
558 2458 672 2540 rimas
708 2487 861 2569 agere,
896 2462 953 2547 sac
986 2463 1213 2547 dehiscere.

243 2585 344 2660 Rem
376 2575 414 2656 in
443 2573 573 2656 fluidis
603 2573 716 2672 ahin,
746 2602 791 2658 nc
814 2573 984 2658 humidis
1000 2577 1215 2685 itemque

242 2691 285 2776 in
310 2689 421 2778 molli
440 2683 726 2791 deserentium,
753 2701 824 2772 aut
845 2689 1110 2777 cohibentium
1132 2701 1219 2770 cot

242 2827 387 2940 porum
417 2795 560 2898 massa,
597 2819 715 2909 atque
748 2800 795 2887 io
813 2801 1068 2917 compressis
1081 2799 1217 2884 firmo·

233 2923 340 3000 rum
364 2939 573 3022 corporum
596 2911 796 3013 srusiusis,
820 2940 864 3000 ac
879 2913 1076 3020 pulvere,
1093 2934 1215 3031 prout

240 3027 323 3116 ..otii
354 3025 524 3116 rationes
554 3027 702 3124 serent,
731 3025 1015 3133 periclitabor.

327 3141 529 3232 Interim
557 3139 658 3232 illud
681 3137 778 3262 mihi
802 3139 933 3226 videro
957 3139 1119 3240 videor,
1140 3142 1218 3224 ese-

241 3249 458 3338 otricum
448 3279 574 3362 ignem
610 3251 712 3340 elasi'
705 3248 839 3340 restare
867 3252 934 3340 sur
971 3280 1218 3365 quaquaver-

138 3451 140 3454 ,
251 3367 337 3450 sum
365 3393 515 3476 egere,
543 3365 924 3476 &quaquaversum
954 3367 1142 3452 similiter
1152 3395 1221 3452 ae-

252 3507 363 3578 rem,
382 3477 641 3589 vaporesque,
664 3504 767 3603 quor
785 3479 824 3566 in
842 3479 1002 3584 fluidis,
1021 3480 1220 3595 firmisque

187 3594 488 3706 corporibus
519 3591 662 3691 solvit,
691 3587 921 3698 disjicere
1002 3667 1005 3673 ,

365 3705 508 3810 Qare
520 3651 772 3802 filamehta,
793 3733 882 3819 quae
907 3689 958 3802 iu
991 3708 1133 3794 charta
1160 3705 1223 3793 lu·

701 3823 752 3904 E
767 3847 790 3904 2
1071 3819 1173 3965 soria
