3000 4409
416 355 500 440 154
701 339 895 418 Articulus
922 343 984 414 VI.
1045 335 1072 402 'L

355 467 572 556 cumdreto
598 492 766 578 aggere,
802 481 850 558 dt
877 470 997 570 suda,
1023 469 1246 556 effluentem
1289 471 1337 559 in*

357 590 552 696 posterum
579 609 723 694 aquam
757 606 924 684 arcere,
970 605 1092 696 atque
1126 590 1177 667 ad
1200 583 1337 674 ,fluvii

358 703 512 784 alveum
542 699 761 783 reducere:
800 697 1002 780 ridendam
1032 725 1080 781 ne
1099 697 1191 798 eius
1219 701 1339 782 indu-

229 854 238 858 ·
358 813 488 898 striam
513 813 663 894 diceres
690 835 768 909 eo,
804 814 939 918 quod
944 837 1138 922 aggeres,
1166 813 1213 897 δι
1241 810 1335 896 solia·

356 930 437 1014 toti
463 925 618 1009 flumini
641 921 885 1022 coercendo,
919 949 964 1006 ac
990 926 1266 1083 deducendo
1255 952 1333 1008 rm·

357 1067 471 1188 pares
497 1031 762 1122 videantur?

467 1153 603 1282 Qid,
614 1150 810 1276 inquies,
843 1097 1194 1264 srpraemunitum
1204 1149 1335 1234 redifi-

356 1267 463 1355 cium
491 1270 532 1350 in
561 1267 707 1349 limites
733 1261 884 1346 incidat
912 1268 1070 1375 piena,
1095 1285 1264 1376 atque
1260 1267 1337 1346 im-

356 1383 494 1464 mensa
517 1374 788 1490 exptosronist
824 1379 934 1460 ldem
961 1381 1074 1490 plane
1101 1381 1189 1477 est,
1230 1406 1278 1461 ac
1309 1378 1338 1464 st

358 1499 400 1580 in
409 1497 606 1592 domum,
625 1511 697 1576 aut
720 1508 901 1598 aggerem
920 1497 1062 1575 flumen
1085 1493 1202 1607 pleno
1215 1519 1331 1576 amne

358 1624 640 1694 convertatur
676 1609 821 1686 Nonne
849 1607 899 1687 ad
941 1607 1103 1716 praesens
1131 1607 1333 1688 deciinan·

359 1726 456 1806 dum
478 1723 694 1832 periculum
715 1717 934 1826 &longius
954 1745 1140 1802 excavare
1158 1721 1334 1821 alveum,

359 1839 408 1922 &
433 1834 628 1926 diredium
657 1830 767 1914 fluvii
793 1830 904 1913 filum
936 1831 1017 1915 alio
1047 1831 1250 1916 deflediere
1277 1836 1336 1918 ni·

358 1947 519 2032 timur?
557 1941 604 2029 Id
642 1968 737 2028 vero
775 1942 814 2024 in
853 1944 1048 2028 fulmineis
1086 1946 1332 2029 torrentibus

357 2062 601 2159 metallica,
640 2054 840 2140 continuae
878 2047 1031 2166 virgae
1027 2060 1189 2142 delirius
1233 2087 1334 2169 prae-

359 2180 480 2261 stant
503 2181 709 2259 Excavant
734 2170 794 2252 hae
816 2189 925 2254 trans
948 2159 1180 2278 refisten'tem
1203 2199 1334 2256 aerem

357 2287 613 2399 procelloso
603 2287 682 2396 igni
710 2285 965 2386 facillimam,
994 2309 1111 2396 atque
1135 2309 1334 2396 opportu-

288 2475 292 2480 .
358 2401 542 2484 niffimam
572 2402 774 2498 semitam3
811 2400 857 2484 ἃ
883 2397 1077 2482 ἀίιεᾶιιιιι
1114 2398 1335 2482 immani'ssi·

357 2511 413 2598 mi
448 2513 635 2596 torrentis
673 2512 785 2594 filum
823 2515 873 2594 ab
898 2515 981 2596 aede
1007 2533 1230 2596 *avertunt
1269 2517 1334 2599 Ut

356 2629 519 2739 proinde
547 2651 624 2709 non
640 2623 721 2706 nist
748 2627 984 2754 exundans,
1023 2627 1069 2712 ‘dt
1107 2625 1264 2710 nullo
1253 2649 1333 2710 rm-

356 2763 451 2850 petu
483 2741 641 2824 liberius
659 2737 851 2819 effluens
841 2739 968 2847 ignis,
993 2761 1062 2824 aut
1082 2761 1217 2823 tenues
1236 2738 1332 2825 hinc

356 2857 448 2938 inde
474 2852 644 2976 ejusdem
668 2851 772 2934 rami
802 2853 1049 2938 blandinum
1078 2856 1231 2953 aedem,
1259 2877 1332 2940 aut

355 2969 451 3052 aedis
479 2961 630 3080 partem
659 2965 885 3050 incurrant.
915 2949 1045 3068 Qrare
1073 2967 1329 3068 dirediiom·

355 3108 460 3181 nes,
499 3085 544 3170 de
580 3079 731 3191 obiiqui
768 3079 939 3162 fulminis
966 3080 1124 3164 effeetus
1163 3101 1234 3162 aut
1260 3083 1331 3162 de-

340 3191 501 3276 *clinari
524 3198 719 3305 prorsus,
735 3204 806 3276 aut
834 3192 1010 3278 imminui
1036 3193 1173 3277 eertrff
1178 3221 1238 3275 me
1269 3195 1331 3278 sa-

355 3309 519 3444 tendum
546 3311 599 3392 est
635 3306 715 3414 (²⁵)
750 3307 911 3438 Infinita
938 3309 1115 3419 prosedto
1133 3307 1241 3406 sust,
1271 3309 1331 3392 in'·

386 3485 391 3492 .
884 3457 889 3470 ·
1116 3423 1266 3504 columi

1055 3573 1331 3600 αι-ι-υ--ῄ

352 3624 398 3692 (J
416 3625 456 3684 Ad
473 3616 629 3676 declinanda
644 3632 758 3686 tantum,
767 3637 823 3690 qna
842 3639 876 3676 ex
894 3620 994 3678 effusis
999 3621 1104 3686 hujusm
1108 3625 1150 3676 odi
1171 3623 1260 3686 ramis,
1273 3623 1331 3676 exi·

330 3692 451 3746 -stere
460 3684 566 3745 fortaffe
573 3688 788 3759 poiseotdamna,
801 3687 949 3747 l'estumex.
952 3707 991 3762 gr
994 3690 1182 3748 cohibentibus
1194 3660 1327 3760 undique,
