3000 4409
343 335 433 422 '180

303 456 1195 637 jnnTrconosrn

640 698 924 772 cottum

493 1041 662 1155 otporis
700 1036 964 1150 irnprtffinner
1011 1039 1145 1127 omnia
1183 1043 1269 1130 sen-

521 1158 634 1243 tiunt
658 1154 909 1254 animantia,
947 1174 1133 1242 naturam
1158 1159 1269 1243 seru*

522 1267 1266 1384 twmtmfflfflmffi.nff,qw1

524 1387 580 1470 est
604 1380 781 1494 corpus?
807 1381 961 1466 sentire
986 1405 1156 1496 pergunt
1184 1389 1267 1471 ani-

524 1493 701 1597 mantia,
733 1495 782 1580 ἃ
807 1497 920 1578 sisent
932 1532 946 1598 ;
973 1497 1264 1582 ratiocinantur

282 1605 538 1726 philosophi,
564 1633 685 1724 atque
705 1609 938 1718 opinionum
960 1611 1154 1696 varietate
1172 1639 1262 1696 onr-

282 1725 350 1811 nia
386 1729 595 1829 turbant,
631 1725 681 1811 δι
715 1723 902 1808 miscent.
942 1727 1046 1809 Ecce
1081 1729 1262 1837 corporis

280 1837 462 1940 effemiam
485 1843 529 1927 in
555 1839 640 1924 sola
663 1838 884 1923 extenfione
911 1837 1045 1939 clare,
1062 1839 1262 1924 distinete-

278 1975 360 2084 9ue
380 1953 495 2065 ponit
517 1950 740 2039 Cartesius:
767 1951 810 2035 id
831 1951 1001 2063 primurn
1017 1950 1119 2055 esse,
1146 1955 1259 2064 quod

279 2093 325 2154 tn
352 2093 519 2179 corpore
552 2064 777 2176 coneipitur
789 2101 802 2168 ;
829 2066 932 2149 inde
958 2086 1126 2168 extera,
1164 2095 1258 2178 quae

279 2182 441 2293 corpori
466 2183 627 2282 insunt,
662 2200 735 2265 aot
770 2178 883 2266 inesse
909 2176 1095 2290 possunt,
1128 2180 1258 2264 dimn-

277 2319 410 2379 nrre.
447 2294 665 2381 Gessendus
691 2295 950 2378 extensionem
979 2294 1134 2402 spatio,
1175 2321 1257 2379 non

276 2523 930 2652 fir
958 2404 1259 2511 ‘ff

277 2633 407 2750 deque
433 2636 555 2746 ipsam
581 2642 703 2722 fluere
729 2640 906 2748 corporis
931 2637 1212 2720 extensionem.

391 2747 519 2854 Qtam
538 2771 646 2838 certe
662 2755 1032 2854 impenetrabilitatem
1044 2750 1256 2850 ,extensio-

276 2887 445 2976 nemque
472 2869 643 2979 probant
669 2866 909 2966 scholastici,
936 2866 1001 2948 sed
1030 2872 1221 2948 radicalem
1231 2896 1251 2958 ‚-

274 2977 462 3062 nimirum
500 3007 645 3093 eorpus
681 3007 732 3064 ex
768 2976 908 3084 effemia
946 2979 1252 3089 impenetrabili-

274 3107 429 3190 tatem,
464 3113 585 3206 atque
623 3091 882 3180 extensionem
910 3094 1068 3204 quidem
1096 3093 1245 3202 exigit,

270 3196 337 3285 sed
364 3229 443 3286 non
472 3206 648 3317 semper,
685 3232 810 3319 neque
847 3205 1058 3292 necessario
1097 3209 1246 3292 habet:

274 3340 327 3399 an
355 3315 475 3400 nescis
493 3319 690 3404 Christum
713 3320 933 3408 redivivum
957 3324 1162 3432 Apostolos
1186 3323 1247 3408 in·

269 3427 460 3514 visentem
494 3457 566 3542 per
600 3433 751 3518 clausas
791 3434 978 3521 caenacusi
1014 3432 1151 3534 januas
1183 3463 1252 3547 pe·

272 3537 467 3628 netrasse?
494 3546 628 3632 Nescis
643 3547 885 3634 subtantisst
909 3547 1121 3661 specierum
1140 3549 1253 3663 panis

275 3656 497 3747 extensione
524 3659 661 3751 vivum
689 3661 834 3751 christi
862 3691 1005 3778 corpus
1025 3663 1252 3752 contineri?

1085 3783 1191 3866 Bene
