3000 4409
436 403 603 504 Fulgur,
630 405 808 504 Fulmen,
836 408 1014 490 Tonttrus
1073 408 1152 512 165

88 576 89 629 5
233 559 323 622 men
352 538 548 649 praebuit,
576 557 658 649 ‘quo
687 543 836 627 summa
864 544 904 627 in
933 542 1104 630 maximo
1126 549 1218 629 Me*

234 654 450 736 diolanenfi
472 655 622 761 templo
641 655 811 763 pyramis
825 659 1000 766 perculsa
1014 659 1089 742 est.
1113 662 1212 742 Inde

237 766 341 849 enim
370 792 596 848 marmoteae
624 767 719 850 basis
748 791 899 879 partem
929 771 1043 880 supet
1068 774 1219 880 septen·-
1315 833 1317 837 ,

238 878 420 963 trionalis
454 880 595 962 domus
631 878 780 963 tellum
809 901 916 964 trans
946 886 1050 966 viam
1088 880 1217 993 proje-

240 993 324 1077 clt.
372 991 494 1074 Pluta
532 991 649 1074 habes
687 993 726 1075 in
764 994 1108 1082 Transanionibus
1154 994 1216 1102 (ι)

237 1107 288 1196 &
324 1103 365 1186 in
393 1104 492 1198 (lit-.-
512 1105 577 1188 Cl.
605 1104 768 1189 molleti
808 1107 949 1190 Differ.
980 1114 1078 1192 Item
1107 1109 1214 1217 apud

233 1219 377 1304 ΘΗΜ*
402 1215 599 1300 Maffeum'
616 1217 697 1324 (ε),
717 1220 773 1305 ·&
801 1223 843 1304 P.
875 1219 1058 1304 Troilum
1086 1221 1172 1330 (3).

266 1374 269 1377 ·
346 1331 529 1414 Alterum
567 1357 662 1414 vero
694 1329 912 1430 disjiciendi
942 1338 1105 1420 modum
1143 1333 1214 1417 ob-

234 1445 387 1530 servare
425 1442 521 1526 mihi
559 1445 780 1554 nuperrime
816 1447 1013 1555 contingit
1051 1448 1093 1532 in
1135 1447 1214 1530 sul-

237 1561 372 1659 mine‚
396 1558 507 1668 quod
533 1555 600 1639 <lie
627 1587 667 1657 9.
698 1555 796 1656 Maii
826 1588 887 1642 an.
913 1587 1034 1666 1771.
1057 1560 1216 1643 Medio·

229 1672 315 1758 lani
351 1671 552 1768 alteram,
586 1669 646 1768 ,ἃ
684 1671 848 1754 alteram
876 1675 1039 1756 domum
1070 1672 1206 1755 feriit.

86 1842 87 1851 t
229 1791 379 1869 Omnes
407 1805 526 1892 porro
554 1778 636 1881 eins
667 1784 839 1866 fulminis
875 1783 1068 1886 essemus,
1098 1785 1207 1868 intra

231 1902 414 1986 binorum
454 1899 697 1983 caminorum
734 1897 879 1983 limites
907 1899 1206 1998 includuntur,

228 2016 301 2125 qui
339 2012 385 2098 ὅ(
419 2012 460 2094 in
499 2029 591 2093 toto
627 2013 852 2097 circumeo
882 2011 1012 2098 trallu
1043 2011 1207 2097 altiores

226 2129 348 2226 sunt,
376 2127 423 2212 ἅ
451 2125 558 2206 ultra
586 2126 701 2234 peden
728 2155 825 2206 200.
854 2125 956 2208 inter
976 2127 1011 2207 se
1034 2127 1206 2228 distant,

227 2267 301 2352 pet
341 2237 482 2336 lineam
523 2237 572 2318 ab
612 2239 741 2320 aullto
777 2239 827 2320 ad
868 2241 1024 2321 boream
1060 2239 1218 2348 perdu--

227 2351 358 2438 elam.
399 2356 445 2434 In
473 2352 622 2449 domn,
657 2377 746 2460 quae
774 2352 929 2435 australi
957 2350 1112 2436 camino
1140 2350 1204 2434 su·

94 2481 99 2490 “
228 2463 427 2566 bjicitut,
464 2465 597 2547 omnia
635 2465 840 2548 observare
878 2465 995 2549 licuit
1025 2464 1202 2548 fulminis

92 2595 96 2602 ’
226 2583 399 2679 damna,
433 2603 522 2690 quae
542 2577 582 2660 in
602 2580 773 2661 articulo
795 2582 845 2661 de
865 2577 1106 2664 condullore
1129 2578 1206 2660 lul·

225 2694 378 2778 minum
415 2690 736 2799 indigitavlmus.
777 2698 834 2776 At
874 2694 1048 2787 caminus
1089 2692 1206 2802 ipse,

223 2807 297 2918 qui
328 2807 373 2894 &
399 2825 576 2886 extremo
601 2809 742 2888 domus
766 2806 905 2890 vertici
928 2805 1203 2912 impendebat,
1281 2805 1285 2814 ’

226 2920 428 3005 &vacuo
456 2919 599 3025 pedum
629 2944 695 3018 40.
723 2917 881 3000 circiter
910 2917 1037 3028 spatio
1063 2947 1085 2999 a
1107 2941 1199 3024 pro·

219 3033 330 3118 ximo
358 3032 495 3144 paullo
514 3030 756 3138 depteffiotis
777 3032 918 3113 domus
942 3029 1048 3116 tedlo
1071 3025 1198 3126 sejun-

221 3149 426 3257 gebatur,
466 3143 622 3228 evulsus
662 3145 811 3254 plane,
847 3140 1105 3253 disjettusque
1141 3143 1197 3227 est

222 3283 361 3361 totus3
388 3281 508 3368 atque
525 3262 594 3342 -ita
621 3257 815 3454 quiltiem,
846 3279 891 3342 ut
920 3255 1063 3369 integri
1092 3257 1194 3340 late-

480 3405 483 3410 ·
746 3401 768 3481 3
889 3462 891 3467 ,
1064 3395 1152 3470 res,

232 3555 1206 3593 mmmm
1337 3587 1339 3596 Α

228 3633 262 3702 (t
298 3638 359 3692 vot.
379 3654 393 3706 5
427 3664 441 3677 0

243 3634 279 3842 il
293 3654 494 3846 iiiiii-vem
508 3770 576 3833 nez.
592 3767 845 3842 canunmsnn
861 3771 921 3828 aar
936 3771 1010 3829 nt..
