3000 4409
334 428 429 505 166'
527 413 813 500 ''Articuius
842 421 941 498 Vri·
1065 467 1071 480 ·

277 580 363 652 res,
394 577 439 635 ac
468 547 639 632 laterum
669 550 814 650 frusta,
853 546 996 662 quibua
1030 544 1276 665 constabat3·

245 669 491 752 'fecundum
528 663 683 746 unicam
720 661 975 748 dirediionem
1015 663 1064 744 ad
1097 661 1273 746 boream:

281 778 481 874 translati,
495 799 613 888 atque
627 777 665 858 in
680 778 910 862 continuant
926 775 1057 859 seriem
1081 774 1257 886 dispoiiti

282 899 356 982 sint
387 897 425 979 in
455 889 626 992 subjeuo
654 891 771 992 solo,
811 913 881 976 aut
912 889 1018 976 teeto
1047 893 1163 999 longe
1190 891 1261 974 de-

283 1006 489 1124 preffiore.
539 1009 713 1088 Aderant
749 1031 872 1117 prope
911 1005 1066 1090 cuimen
1106 1003 1261 1114 oppost-

285 1129 318 1210 ti
341 1121 474 1218 muri,
502 1147 547 1203 ac
578 1121 615 1202 in
637 1121 792 1230 angulis
812 1123 991 1203 binorum
1014 1115 1269 1202 caminorum

286 1263 408 1352 prope
444 1234 630 1318 verticem
667 1239 707 1316 in
742 1235 879 1316 eadem
909 1235 1009 1317 linea
1046 1229 1273 1342 positorum·

288 1347 440 1436 contuli
473 1352 641 1447 lateres,
669 1375 714 1432 ac
737 1347 827 1432 viva
850 1374 986 1432 eorum
1008 1347 1125 1428 frusta
1148 1370 1266 1430 muro

287 1459 493 1574 impressa,
531 1482 650 1574 atque
690 1461 955 1561 adhaerentia,
993 1487 1081 1574 quae
1117 1459 1163 1545 &
1201 1481 1270 1542 eo-

290 1586 455 1662 rundem
479 1575 771 1676 ditm-tionem,
805 1575 851 1660 ὅ(
879 1575 1070 1688 impetum
1106 1571 1272 1657 manife-

290 1690 451 1784 ssiffimis
480 1690 634 1775 indiciis
663 1690 927 1772 testabantur.
1200 1745 1203 1750 -
1242 1769 1246 1780 ι

404 1809 557 1886 Contra
586 1804 625 1886 in
656 1799 790 1902 redu,
817 1829 840 1886 e
864 1797 977 1899 cuius
999 1798 1125 1884 limite
1145 1793 1268 1886 cami-

290 1945 369 2025 nus·
392 1915 577 2016 disjedius
604 1917 682 2017 eii,
710 1915 963 2028 quantumvis
993 1915 1113 2000 iibere
1153 1911 1271 1998 undi-

290 2059 367 2144 que
392 2051 574 2140 pateret,
597 2030 751 2112 nullum
775 2029 971 2130 laterum,
999 2051 1070 2114 aut
1088 2026 1271 2111 caementi

292 2147 485 2245 frustum,
514 2146 594 2226 imo
623 2171 671 2228 ne
696 2144 869 2251 tegulam
889 2143 1048 2254 quidem
1075 2141 1164 2246 loco
1185 2165 1275 2222 mo·

226 2262 237 2275 ”
291 2278 375 2343 tam
413 2258 702 2368 deprehendere
719 2257 879 2342 'licuit.
918 2253 1176 2368 Depreffioris
1207 2253 1270 2336 in·

292 2369 411 2456 terim
448 2375 589 2453 domus
632 2371 779 2456 tedium
819 2373 869 2456 ad
910 2371 1105 2456 borealem
1149 2364 1272 2478 usque

295 2483 514 2579 caminum,
533 2485 579 2569 ὅ(
598 2487 773 2568 caminus
794 2487 924 2584 idem,
945 2487 1013 2596 qui
1040 2484 1158 2568 nullis
1176 2505 1270 2592 ope-

293 2595 472 2679 riebatur
487 2597 643 2704 tegulis,
657 2599 839 2682 effluente
851 2597 1119 2682 vehementius
1133 2591 1269 2707 pluvia

293 2709 376 2793 late
394 2710 577 2792 madebat
593 2769 602 2788 .
619 2709 730 2794 Huic
745 2711 876 2823 itaque
897 2713 1074 2812 camino,
1094 2710 1139 2796 ὅ(
1162 2704 1269 2791 tedio

293 2818 373 2923 iam
402 2823 481 2907 alte
511 2823 702 2908 insederat
732 2825 966 2926 nebulosus,
996 2847 1114 2936 atque
1138 2823 1187 2908 ad
1214 2823 1287 2904 fe-'

294 2937 460 3017 rendum
490 2938 627 3046 ignem.
645 2940 908 3049 opportunior
935 2966 984 3022 ex
1012 2938 1179 3023 terrestri
1209 2961 1270 3018 re-

290 3049 439 3158 gione,
464 3078 552 3164 quae
579 3051 763 3151 eledirico
791 3053 878 3164 igne
905 3053 1141 3149 deficiebat,
1180 3073 1272 3158 prof

294 3163 474 3270 grediens
515 3193 684 3268 ramus,
724 3167 793 3278 qui
837 3165 1092 3251 redundantis
1132 3166 1271 3248 eodem

292 3275 387 3383 igne
415 3276 515 3358 inira
543 3279 723 3366 altiorem
755 3281 955 3366 australem
985 3279 1180 3368 caminum
1212 3298 1280 3359 re·-

294 3386 424 3499 gionis
465 3389 609 3474 limites
651 3395 917 3478 vehementius
955 3395 1150 3506 arripuit;
1188 3413 1274 3505 quo

208 3529 214 3538 ’
295 3501 445 3589 saelum
480 3507 568 3606 est,
611 3527 659 3591 ut
695 3506 799 3590 idem
837 3507 1046 3593 fulmineus
1076 3530 1275 3604 torrens„
1342 3531 1345 3550 ·

296 3619 365 3730 qui
395 3621 435 3702 in
464 3617 644 3716 subiediis
670 3621 862 3720 cubiculis
888 3627 1037 3729 minpra
1064 3620 1270 3708 renuentia·

298 3731 510 3824 intervalla
535 3731 770 3840 disjecerat,
806 3763 853 3822 ae
887 3739 1107 3850 pervaserat
1144 3735 1269 3846 pluri·

342 3913 346 3918 -
1119 3872 1214 3950 ma,
