3000 4409
398 356 452 441 32
683 332 874 411 Aniculae
898 332 967 411 ΙΙΙ.

346 508 366 530 ··
458 472 543 568 At,
569 492 651 578 quo
673 494 754 551 rem
776 468 915 579 paullo
932 459 1165 574 diligentius
1185 459 1317 574 perse·

344 596 476 697 quar,
506 583 726 691 erumpeoti
753 609 803 665 ex
828 600 966 667 catena
999 579 1204 665 metallico
1230 582 1320 689 glo·

344 696 444 781 bulo
471 696 650 779 indutam
679 695 780 780 banc
807 694 987 777 laminae
997 692 1135 776 faciem
1166 692 1218 775 ad
1248 690 1315 773 di-

345 810 591 895 sarrianis.
620 808 776 893 circiter
803 809 1000 891 linearum
1025 806 1252 903 admove03
1274 794 1320 889 dd
1384 824 1385 864 l

344 922 522 1041 quoties·
536 948 597 1003 ex
611 922 717 1003 nuda
753 924 931 1049 oppolita
958 920 1085 1019 lacie,
1123 922 1321 1018 admotO,
1384 866 1386 964 l

347 1060 395 1119 ac
424 1054 575 1115 remoto
602 1035 729 1117 {latim
757 1032 916 1143 digito,
943 1024 1181 1118 scintillam
1175 1059 1227 1116 ex
1253 1029 1317 1114 di·
1386 1041 1389 1136 l

347 1142 464 1231 vetlis
489 1143 642 1273 pundlis
670 1144 840 1245 haurio,
868 1144 987 1229 toties
1015 1145 1141 1230 altera
1161 1166 1212 1228 ex
1232 1145 1321 1257 glo·
1388 1147 1390 1228 ὲ

348 1258 440 1345 b0''
428 1286 469 1341 ιιι
499 1256 689 1341 indulium
717 1252 898 1343 scintilla
914 1258 1089 1369 profilit.
1128 1248 1337 1371 Remota-

349 1396 427 1483 que
467 1370 556 1453 rode
595 1370 758 1455 lamina
774 1372 956 1479 duplex,
991 1392 1039 1455 ut
1080 1388 1232 1470 antea,
1269 1393 1321 1453 ex

350 1502 533 1661 utraque
547 1482 643 1567 facie
671 1478 930 1567 scintillarum
956 1512 1163 1567 numerum
1191 1486 1292 1569 dat

464 1598 583 1697 Quod
613 1596 721 1679 nulla
746 1624 921 1708 unquam
958 1598 1099 1681 idonea
1136 1598 1230 1680 satis
1260 1622 1322 1680 ra·

354 1707 464 1795 tlooe
480 1710 711 1838 explicabis,
739 1704 808 1791 nist
829 1737 949 1817 ponas
957 1710 1231 1793 tantundem
1220 1711 1322 1819 ignis

358 1848 409 1905 ex
435 1825 541 1905 nuda
568 1820 702 1904 facie'
692 1848 731 1905 m
760 1824 932 1931 digitum
949 1809 1167 1920 effluxille,
1194 1841 1322 1949 quan·

354 1956 419 2017 tus
447 1960 496 2019 ex
521 1936 686 2041 globo
675 1962 716 2017 m
744 1934 923 2018 indutam
961 1935 1097 2019 faciem
1134 1932 1320 2033 conjicie-

355 2048 500 2131 batur
487 2044 711 2156 ,indeque,
734 2071 885 2131 remota
911 2050 1055 2131 lamina
1066 2052 1321 2159 ,congestum

357 2162 400 2245 in
428 2112 567 2243 induta
596 2160 729 2245 facie
720 2186 846 2270 ignem
886 2162 924 2242 in
961 2165 1107 2243 nudam
1134 2162 1321 2245 delicien-

357 2296 466 2373 tem,
493 2272 681 2385 geminis,
723 2277 846 2358 altera
874 2276 1032 2384 quidem
1061 2295 1321 2384 erumpente,

354 2387 595 2495 'irrumrente
624 2390 775 2486 altera,
812 2387 1019 2489 scintillis,
1048 2391 1241 2489 refluere,
1257 2412 1323 2470 ac

357 2500 472 2611 plane
502 2498 672 2583 restitui.
753 2520 756 2523 ·

470 2614 555 2721 Age
584 2592 745 2695 alteram
781 2608 957 2694 fimilircr
994 2614 1148 2697 lamina:
1183 2609 1323 2695 facicm

360 2726 515 2811 llaooeo
542 2722 683 2809 folio
673 2749 729 2809 rra
758 2720 1004 2826 induamus,
1042 2746 1091 2809 ut
1125 2725 1325 2810 indulium

362 2840 567 2927 alterum
558 2838 684 2951 primo
713 2840 968 2947 respondeat,
996 2838 1073 2921 erit
1094 2836 1178 2921 haec
1199 2846 1325 2921 indm

360 2962 400 3039 in
427 2958 602 3039 eletlrr'ror
628 2958 714 3058 usus
750 2950 920 3035 lamina
961 2953 1205 3034 Alteruttam·
1240 2946 1326 3049 ejus

362 3066 498 3149 faciem
526 3089 671 3152 catenas
699 3051 923 3163 admoveo,
949 3058 1043 3174 quin
1074 3063 1230 3147 interim
1258 3065 1327 3145 de·

364 3178 509 3263 serente
548 3178 633 3263 ullo
668 3204 832 3291 corpore
867 3178 1087 3288 oppositum
1127 3174 1329 3317 ioduffum-

364 3310 547 3403 tangam.
585 3296 753 3375 Remota
781 3291 872 3373 inde
901 3290 1043 3373 lamina
1068 3314 1250 3419 unicam,
1278 3306 1327 3384 ut

366 3405 508 3515 supra,
535 3429 583 3487 ex
611 3404 762 3489 indulio
789 3402 995 3487 scintillam
1025 3399 1209 3512 projicit,
1221 3427 1326 3528 ‚prac-

364 3536 474 3610 terea
502 3518 674 3603 nullam
715 3511 904 3605 Similiter
939 3517 1015 3598 sive
1052 3516 1150 3600 binis
1189 3510 1327 3641 digitis

368 3630 587 3749 oppofitum
610 3654 820 3749 utrumque
840 3628 1033 3716 indusium
1053 3650 1237 3821 tangamu,
1223 3625 1329 3725 l,ive
1357 3625 1382 3643 ·’

1178 3764 1205 3849 q
1235 3764 1278 3821 o·
